@Article{Duddington1955,
  author  = {C. L. Duddington},
  title   = {Fungi that Attack Microscopic Animals},
  doi     = {10.1007/bf02872434},
  issue   = {7},
  pages   = {377--439},
  volume  = {21},
  journal = {The Botanical Review},
  year    = {1955},
}

@Article{Asa2011,
  author    = {Cheryl Asa and Sally Boutelle},
  title     = {Contraception},
  doi       = {10.1016/B978-1-4377-1986-4.00002-0},
  editor    = {R. EricFowler, Murray E. Miller},
  pages     = {8--14},
  volume    = {7},
  edition   = {1},
  journal   = {Fowler's Zoo and Wild Animal Medicine Current Therapy},
  publisher = {Elsevier Saunders},
  year      = {2011},
}

@Article{Migaki1982,
  author  = {Migaki, G. and Schmidt, R. E. and Toft, J. D. and Kaufmann, A. F.},
  title   = {Mycotic Infections of the Alimentary Tract of Nonhuman Primates: A Review},
  doi     = {10.1177/030098588201907s07},
  pages   = {93--103},
  volume  = {19},
  journal = {Vet. Pathol},
  year    = {1982},
}

@Article{Lysek1982,
  author   = {Hynek Lýsek and O. Fassatiová and N. Cuervo Pineda and N. Lorenzo and José Ángel {Hernández Malagón}},
  title    = {Ovicidal fungi in soils of Cuba.},
  issn     = {0015--5683},
  issue    = {3},
  pages    = {265--270},
  url      = {https://europepmc.org/article/med/6890012},
  volume   = {29},
  journal  = {Folia Parasitologica},
  month    = {1},
  pmid     = {6890012},
  year     = {1982},
}

@Article{Carvalho2007,
  author   = {Madeira de Carvalho, Luís Manuel and Gillespie, A. T. and Serra, P. M. and Bernardo, F. A. and Farrim, A. P. and Fazendeiro, I. M.},
  title    = {Eficácia do fungo nematófago \textit{Duddingtonia flagrans} no controlo biológico da estrongilidose equina no Ribatejo Efficacy of the nematofagous fungi \textit{Duddingtonia flagrans} in the biological control of horse strongylosis in the Ribatejo},
  pages    = {233--247},
  volume   = {102},
  journal  = {REVISTA PORTUGUESA DE CIÊNCIAS VETERINÁRIAS},
  keywords = {()},
  year     = {2007},
}

@Article{Riadigos2014,
  author   = {Silvia Miguélez Riádigos and María Sol {Arias Vázquez} and Esther Valderrábano Cano and Pablo Piñeiro Fraga and Diego Gómez Uzal and María Fernández Marcos and Rodrigo {Bonilla Quintero} and Rita Sánchez-Andrade Fernández and Luis Manuel {Madeira de Carvalho}},
  title    = {Control Biológico de Nematodos Parásitos en Antílopes (\textit{Cervicapra cervicapra}) en Cautividad},
  issn     = {2182--8865},
  pages    = {47--56},
  volume   = {34},
  journal  = {Pastagens e Forragens},
  year     = {2014},
}

@Book{AnkelSimons2007,
  author    = {Friderun Ankel-Simons},
  title     = {Primate Anatomy An Introduction},
  edition   = {3},
  isbn      = {1865843830},
  publisher = {Elsevier Academic Press},
  url       = {http://www.bookaid.org},
  year      = {2007},
}

@book{Bogitsh2013,
   author = {Burton Jerome Bogitsh and Clint Earl Carter},
   edition = {4},
   isbn = {9780124159150},
   publisher = {Academic Press},
   title = {Human parasitology},
   year = {2013},
}

@Book{Taylor2016,
  author    = {Taylor, M. A. and Coop, R. L. and Wall, R. L.},
  title     = {Veterinary Parasitology},
  edition   = {4},
  publisher = {Wiley Blackwell},
  year      = {2016},
}

@Book{Modry2015,
  author = {David Modrý and Klára J. Petrzelková and Barbora Kalousová and Hideo Hasegawa},
  title  = {Parasites of Apes: An Atlas of Coproscopic Diagnostics},
  year   = {2015},
}

@Book{Modry2017,
  author = {David Modrý and Lada Hofmannová and Andrei D. Mihalca and Jana Juránková and Helena Neumayerová and Gianluca D’Amico},
  title  = {Field and laboratory diagnostics of parasitic diseases of domestic animals: from sampling to diagnosis},
  year   = {2017},
}

@Manual{Zoos2022,
  author = {Zoos and Aquaria, European Association of},
  title  = {EAZA Membership and Accreditation Manual},
  city   = {Amsterdam},
  year   = {2022},
}

@MastersThesis{Carvalho2002,
  author      = {Madeira de Carvalho, Luís Manuel},
  institution = {Faculdade de Medicina Veterinária},
  title       = {Epidemiologia e controlo da estrongilidose em diferentes sistemas de produção equina em Portugal},
  city        = {Lisbon},
  year        = {2002},
}

@online{ZooBarcelona:Timeline,
   author = {Zoo Barcelona},
   title = {Timeline – Walk through the past, present and future of a conservation institution for biodiversity},
   url = {https://historia.zoobarcelona.cat/en/},
}

@PhdThesis{Balan2017,
  author      = {Fabián Leonardo {Arroyo Balán}},
  institution = {Facultade de Veterinaria Universidade de Santiago de Compostela},
  title       = {Formulación de Esporas de Hongos Parasiticidas en Pellets Nutricionales},
  url         = {http://hdl.handle.net/10347/15820},
  year        = {2017},
}

@techreport{Fiby2020,
   author = {Monika Fiby},
   title = {Bio-floors in Animal Enclosures},
   year = {2020},
}

@techreport{Miller2011,
   author = {R. Eric Miller and Murray Fowler},
   title = {Zoo and Wild Animal Medicine CURRENT THERAPY},
   year = {2011},
}

@TechReport{Abello2017,
  author = {Ma Teresa Abelló and Frank Rietkerk and Neil Bemment},
  title  = {EAZA Best Practice Guidelines for Gorillas EAZA BEST PRACTICE GUIDELINES Great Ape Taxon Advisory Group GORILLA (Gorilla gorilla gorilla) (2nd Edition)},
  year   = {2017},
}

@techreport{Duque2018,
   author = {Daniela Duque and Ricardo Lopes and Filipe Sampaio and Augusto Silva and Paula Brilhante Simões},
   institution = {Laboratório Veterinário INNO},
   month = {4},
   title = {Prevalência parasitária gastrointestinal em 1419 casos (2015-2017), comparando a análise coprológica de 1 versus 3 amostras},
   year = {2018},
}



